@book{DBLP:series/txtcs/KroeningS16,
  author    = {Daniel Kroening and
               Ofer Strichman},
  title     = {Decision Procedures - An Algorithmic Point of View, Second Edition},
  series    = {Texts in Theoretical Computer Science. An {EATCS} Series},
  publisher = {Springer},
  year      = {2016}
}

@online{Solidity,
  author = {{Solidity Language Developers}},
  title = {{Solidity}},
  year = 2018,
  url = {https://solidity.readthedocs.io/en/v0.4.25/},
  urldate = {2018-10-08}
}


@book{nipkow2002isabelle,
  title={Isabelle/HOL: a proof assistant for higher-order logic},
  author={Nipkow, Tobias and Paulson, Lawrence C and Wenzel, Markus},
  volume={2283},
  year={2002},
  publisher={Springer Science \& Business Media}
}

@article{DBLP:journals/tocl/CimattiGIRS18,
  author    = {Alessandro Cimatti and
               Alberto Griggio and
               Ahmed Irfan and
               Marco Roveri and
               Roberto Sebastiani},
  title     = {Incremental Linearization for Satisfiability and Verification Modulo
               Nonlinear Arithmetic and Transcendental Functions},
  journal   = {{ACM} Trans. Comput. Log.},
  volume    = {19},
  number    = {3},
  pages     = {19:1--19:52},
  year      = {2018}
}

@inproceedings{DBLP:conf/sat/CimattiGIRS18,
  author    = {Alessandro Cimatti and
               Alberto Griggio and
               Ahmed Irfan and
               Marco Roveri and
               Roberto Sebastiani},
  title     = {Experimenting on Solving Nonlinear Integer Arithmetic with Incremental
               Linearization},
  booktitle = {{SAT}},
  series    = {Lecture Notes in Computer Science},
  volume    = {10929},
  pages     = {383--398},
  publisher = {Springer},
  year      = {2018}
}

@other{coqref,
  author = {The Coq development team},
  title={The Coq Proof Assistant Reference Manual Version 8.9},
  url={https://coq.inria.fr/distrib/current/refman/},
  year={2019}
}

@inproceedings{ekici2017smtcoq,
  title={SMTCoq: a plug-in for integrating SMT solvers into Coq},
  author={Ekici, Burak and Mebsout, Alain and Tinelli, Cesare and Keller, Chantal and Katz, Guy and Reynolds, Andrew and Barrett, Clark},
  booktitle={International Conference on Computer Aided Verification},
  pages={126--133},
  year={2017},
  organization={Springer}
}

@InProceedings{10.1007/978-3-642-14052-5_14,
author="B{\"o}hme, Sascha
and Weber, Tjark",
editor="Kaufmann, Matt
and Paulson, Lawrence C.",
title="Fast LCF-Style Proof Reconstruction for Z3",
booktitle="Interactive Theorem Proving",
year="2010",
publisher="Springer Berlin Heidelberg",
address="Berlin, Heidelberg",
pages="179--194",
isbn="978-3-642-14052-5"
}



@article{DBLP:journals/mst/KovasznaiFB16,
  author    = {Gergely Kov{\'{a}}sznai and
               Andreas Fr{\"{o}}hlich and
               Armin Biere},
  title     = {Complexity of Fixed-Size Bit-Vector Logics},
  journal   = {Theory Comput. Syst.},
  volume    = {59},
  number    = {2},
  pages     = {323--376},
  year      = {2016},
  url       = {https://doi.org/10.1007/s00224-015-9653-1},
  doi       = {10.1007/s00224-015-9653-1},
  timestamp = {Sun, 28 May 2017 13:18:25 +0200},
  biburl    = {https://dblp.org/rec/bib/journals/mst/KovasznaiFB16},
  bibsource = {dblp computer science bibliography, https://dblp.org}
}

@inproceedings{ReynoldsDKTB15,
	Author = {Andrew Reynolds and Morgan Deters and Viktor Kuncak and Cesare Tinelli and Clark W. Barrett},
	Booktitle = {Computer Aided Verification - 27th International Conference, {CAV} 2015, San Francisco, CA, USA, July 18-24, 2015, Proceedings, Part {II}},
	Pages = {198--216},
	Title = {Counterexample-Guided Quantifier Instantiation for Synthesis in {SMT}},
	Year = {2015}}

@inproceedings{AlurBJMRSSSTU13,
        Author = {Rajeev Alur and Rastislav Bod{\'{\i}}k and Garvit Juniwal and Milo M. K. Martin and Mukund Raghothaman and S
anjit A. Seshia and Rishabh Singh and Armando Solar{-}Lezama and Emina Torlak and Abhishek Udupa},
        Booktitle = {Formal Methods in Computer-Aided Design, {FMCAD} 2013, Portland, OR, USA, October 20-23, 2013},
        Pages = {1--8},
        Title = {Syntax-guided synthesis},
        Year = {2013}}


@book{enderton2001mathematical,
  title={A mathematical introduction to logic},
  author={Enderton, Herbert and Enderton, Herbert B},
  year={2001},
  publisher={Elsevier}
}

@InProceedings{10.1007/978-3-540-30227-8_53,
author="Tinelli, Cesare
and Zarba, Calogero G.",
editor="Alferes, J{\'o}se J{\'u}lio
and Leite, Jo{\~a}o",
title="Combining Decision Procedures for Sorted Theories",
booktitle="Logics in Artificial Intelligence",
year="2004",
publisher="Springer Berlin Heidelberg",
address="Berlin, Heidelberg",
pages="641--653",
isbn="978-3-540-30227-8"
}

@InProceedings{LattnerAdve:tutorial,
  author={Chris Lattner and Vikram Adve},
  title="{The LLVM Compiler Framework and Infrastructure Tutorial}",
  month={Sep},
  year={2004},
  address={West Lafayette, Indiana},
  booktitle="{LCPC'04 Mini Workshop on Compiler Research Infrastructures}"
}


@article{DBLP:journals/jsat/WeberCDHNR19,
  author    = {Tjark Weber and
               Sylvain Conchon and
               David D{\'{e}}harbe and
               Matthias Heizmann and
               Aina Niemetz and
               Giles Reger},
  title     = {The {SMT} Competition 2015-2018},
  journal   = {J. Satisf. Boolean Model. Comput.},
  volume    = {11},
  number    = {1},
  pages     = {221--259},
  year      = {2019}
}

@inproceedings{SMTLib2010,
	Author = {Clark Barrett and Aaron Stump and Cesare Tinelli},
	Booktitle = {Proceedings of the 8th International Workshop on Satisfiability Modulo Theories (Edinburgh, UK)},
	Editor = {A.~Gupta and D.~Kroening},
	Title = {{The SMT-LIB Standard: Version 2.0}},
	Year = 2010}

@article{moller1999solving,
  title={Solving Bit-Vector Equations of Fixed and Non-Fixed Size},
  author={M{\"o}ller, M Oliver and Rue{\ss}, Harald},
  journal={BRICS Report Series},
  volume={6},
  year={1991},
  number={18}
}

@inproceedings{Gupta:1993:RSM:259794.259827,
 author = {Gupta, Aarti and Fisher, Allan L.},
 title = {Representation and Symbolic Manipulation of Linearly Inductive Boolean Functions},
 booktitle = {Proceedings of the 1993 IEEE/ACM International Conference on Computer-aided Design},
 series = {ICCAD '93},
 year = {1993},
 isbn = {0-8186-4490-7},
 location = {Santa Clara, California, USA},
 pages = {192--199},
 numpages = {8},
 url = {http://dl.acm.org.stanford.idm.oclc.org/citation.cfm?id=259794.259827},
 acmid = {259827},
 publisher = {IEEE Computer Society Press},
 address = {Los Alamitos, CA, USA},
} 

@InProceedings{10.1007/3-540-56922-7_3,
author="Gupta, Aarti
and Fisher, Allan L.",
editor="Courcoubetis, Costas",
title="Parametric circuit representation using inductive Boolean functions",
booktitle="Computer Aided Verification",
year="1993",
publisher="Springer Berlin Heidelberg",
address="Berlin, Heidelberg",
pages="15--28",
isbn="978-3-540-47787-7"
}


@InProceedings{pichorabjorner98,
author="Bj{\O}rner, Nikolaj S.
and Pichora, Mark C.",
editor="Steffen, Bernhard",
title="Deciding fixed and non-fixed size bit-vectors",
booktitle="Tools and Algorithms for the Construction and Analysis of Systems",
year="1998",
publisher="Springer Berlin Heidelberg",
address="Berlin, Heidelberg",
pages="376--392"}

@phdthesis{PichoraPhd,
 author = {Pichora, Mark Christopher},
 advisor = {Hehner, E. C.},
 title = {Automated Reasoning About Hardware Data Types Using Bit-vectors of Symbolic Lengths},
 year = {2003},
 isbn = {0-612-84686-5},
 note = {AAINQ84686},
 publisher = {University of Toronto},
 address = {Toronto, Ont., Canada, Canada},
}

@inproceedings{invcav18,
  author    = {Aina Niemetz and
               Mathias Preiner and
               Andrew Reynolds and
               Clark Barrett and
               Cesare Tinelli},
  editor    = {Hana Chockler and
               Georg Weissenbacher},
  title     = {Solving Quantified Bit-Vectors Using Invertibility Conditions},
  booktitle = {Computer Aided Verification - 30th International Conference, {CAV}
               2018, Held as Part of the Federated Logic Conference, FloC 2018, Oxford,
               UK, July 14-17, 2018, Proceedings, Part {II}},
  series    = {Lecture Notes in Computer Science},
  volume    = {10982},
  pages     = {236--255},
  publisher = {Springer},
  year      = {2018},
  url       = {https://doi.org/10.1007/978-3-319-96142-2\_16},
  doi       = {10.1007/978-3-319-96142-2\_16},
  timestamp = {Mon, 23 Jul 2018 17:23:29 +0200},
  biburl    = {https://dblp.org/rec/bib/conf/cav/NiemetzPRBT18},
  bibsource = {dblp computer science bibliography, https://dblp.org}
}

@inproceedings{alive15,
 author = {Lopes, Nuno P. and Menendez, David and Nagarakatte, Santosh and Regehr, John},
 title = {Provably Correct Peephole Optimizations with Alive},
 booktitle = {Proceedings of the 36th ACM SIGPLAN Conference on Programming Language Design and Implementation},
 series = {PLDI '15},
 year = {2015},
 isbn = {978-1-4503-3468-6},
 location = {Portland, OR, USA},
 pages = {22--32},
 numpages = {11},
 url = {http://doi.acm.org/10.1145/2737924.2737965},
 doi = {10.1145/2737924.2737965},
 acmid = {2737965},
 publisher = {ACM},
 address = {New York, NY, USA},
 keywords = {Alive, Compiler Verification, Peephole Optimization},
} 

@inproceedings{DBLP:conf/cgo/LattnerA04,
  author    = {Chris Lattner and
               Vikram S. Adve},
  title     = {{LLVM:} {A} Compilation Framework for Lifelong Program Analysis {\&}
               Transformation},
  booktitle = {2nd {IEEE} / {ACM} International Symposium on Code Generation and
               Optimization {(CGO} 2004), 20-24 March 2004, San Jose, CA, {USA}},
  pages     = {75--88},
  publisher = {{IEEE} Computer Society},
  year      = {2004},
  url       = {https://doi.org/10.1109/CGO.2004.1281665},
  doi       = {10.1109/CGO.2004.1281665},
  timestamp = {Thu, 25 May 2017 00:43:34 +0200},
  biburl    = {https://dblp.org/rec/bib/conf/cgo/LattnerA04},
  bibsource = {dblp computer science bibliography, https://dblp.org}
}


@inproceedings{DBLP:conf/tacas/ReynoldsBF18,
  author    = {Andrew Reynolds and
               Haniel Barbosa and
               Pascal Fontaine},
  title     = {Revisiting Enumerative Instantiation},
  booktitle = {Tools and Algorithms for the Construction and Analysis of Systems
               - 24th International Conference, {TACAS} 2018, Held as Part of the
               European Joint Conferences on Theory and Practice of Software, {ETAPS}
               2018, Thessaloniki, Greece, April 14-20, 2018, Proceedings, Part {II}},
  pages     = {112--131},
  year      = {2018},
  timestamp = {Tue, 26 Jun 2018 14:11:55 +0200},
  biburl    = {https://dblp.org/rec/bib/conf/tacas/ReynoldsBF18},
  bibsource = {dblp computer science bibliography, https://dblp.org}
}

@inproceedings{DBLP:conf/tacas/CimattiGIRS17,
  author    = {Alessandro Cimatti and
               Alberto Griggio and
               Ahmed Irfan and
               Marco Roveri and
               Roberto Sebastiani},
  title     = {Invariant Checking of {NRA} Transition Systems via Incremental Reduction
               to {LRA} with {EUF}},
  booktitle = {Tools and Algorithms for the Construction and Analysis of Systems
               - 23rd International Conference, {TACAS} 2017, Held as Part of the
               European Joint Conferences on Theory and Practice of Software, {ETAPS}
               2017, Uppsala, Sweden, April 22-29, 2017, Proceedings, Part {I}},
  pages     = {58--75},
  year      = {2017},
  url       = {https://doi.org/10.1007/978-3-662-54577-5\_4},
  doi       = {10.1007/978-3-662-54577-5\_4},
  timestamp = {Fri, 02 Nov 2018 09:42:32 +0100},
  biburl    = {https://dblp.org/rec/bib/conf/tacas/CimattiGIRS17},
  bibsource = {dblp computer science bibliography, https://dblp.org}
}

@inproceedings{DBLP:conf/frocos/ReynoldsTJB17,
  author    = {Andrew Reynolds and
               Cesare Tinelli and
               Dejan Jovanovic and
               Clark Barrett},
  title     = {Designing Theory Solvers with Extensions},
  booktitle = {Frontiers of Combining Systems - 11th International Symposium, FroCoS
               2017, Bras{\'{\i}}lia, Brazil, September 27-29, 2017, Proceedings},
  pages     = {22--40},
  year      = {2017},
  url       = {https://doi.org/10.1007/978-3-319-66167-4\_2},
  doi       = {10.1007/978-3-319-66167-4\_2},
  timestamp = {Tue, 05 Sep 2017 14:29:33 +0200},
  biburl    = {https://dblp.org/rec/bib/conf/frocos/ReynoldsTJB17},
  bibsource = {dblp computer science bibliography, https://dblp.org}
}

@inproceedings{DBLP:conf/fmcad/ReynoldsTM14,
  author    = {Andrew Reynolds and
               Cesare Tinelli and
               Leonardo Mendon{\c{c}}a de Moura},
  title     = {Finding conflicting instances of quantified formulas in {SMT}},
  booktitle = {Formal Methods in Computer-Aided Design, {FMCAD} 2014, Lausanne, Switzerland,
               October 21-24, 2014},
  pages     = {195--202},
  year      = {2014},
  url       = {https://doi.org/10.1109/FMCAD.2014.6987613},
  doi       = {10.1109/FMCAD.2014.6987613},
  timestamp = {Thu, 15 Jun 2017 21:35:42 +0200},
  biburl    = {https://dblp.org/rec/bib/conf/fmcad/ReynoldsTM14},
  bibsource = {dblp computer science bibliography, https://dblp.org}
}


@article{DBLP:journals/jar/BlanchetteBP13,
  author    = {Jasmin Christian Blanchette and
               Sascha B{\"{o}}hme and
               Lawrence C. Paulson},
  title     = {Extending Sledgehammer with {SMT} Solvers},
  journal   = {J. Autom. Reasoning},
  volume    = {51},
  number    = {1},
  pages     = {109--128},
  year      = {2013},
  url       = {https://doi.org/10.1007/s10817-013-9278-5},
  doi       = {10.1007/s10817-013-9278-5},
  timestamp = {Wed, 14 Nov 2018 10:38:36 +0100},
  biburl    = {https://dblp.org/rec/bib/journals/jar/BlanchetteBP13},
  bibsource = {dblp computer science bibliography, https://dblp.org}
}

@inproceedings{CVC4,
	Acmid = {2032319},
	Author = {Barrett, Clark and Conway, Christopher L. and Deters, Morgan and Hadarean, Liana and Jovanovi\'{c}, Dejan and King, Tim and Reynolds, Andrew and Tinelli, Cesare},
	Booktitle = {Proceedings of the 23rd International Conference on Computer Aided Verification},
	Isbn = {978-3-642-22109-5},
	Location = {Snowbird, UT},
	Numpages = {7},
	Pages = {171--177},
	Publisher = {Springer-Verlag},
	Series = {CAV'11},
	Title = {{CVC4}},
	Url = {http://dl.acm.org/citation.cfm?id=2032305.2032319},
	Year = {2011},
	Bdsk-Url-1 = {http://dl.acm.org/citation.cfm?id=2032305.2032319}}

@inproceedings{Z3,
	Acmid = {1792766},
	Author = {De Moura, Leonardo and Bj{\o}rner, Nikolaj},
	Booktitle = {Proceedings of the Theory and Practice of Software, 14th International Conference on Tools and Algorithms for the Construction and Analysis of Systems},
	Isbn = {3-540-78799-2, 978-3-540-78799-0},
	Location = {Budapest, Hungary},
	Numpages = {4},
	Pages = {337--340},
	Publisher = {Springer-Verlag},
	Series = {TACAS'08/ETAPS'08},
	Title = {Z3: An Efficient SMT Solver},
	Url = {http://dl.acm.org/citation.cfm?id=1792734.1792766},
	Year = {2008},
	Bdsk-Url-1 = {http://dl.acm.org/citation.cfm?id=1792734.1792766}}

@inproceedings{DBLP:conf/cav/KovacsV13,
  author    = {Laura Kov{\'{a}}cs and
               Andrei Voronkov},
  title     = {First-Order Theorem Proving and Vampire},
  booktitle = {{CAV}},
  series    = {Lecture Notes in Computer Science},
  volume    = {8044},
  pages     = {1--35},
  publisher = {Springer},
  year      = {2013}
}

@inproceedings{DBLP:conf/cade/MouraB07,
  author    = {Leonardo Mendon{\c{c}}a de Moura and
               Nikolaj Bj{\o}rner},
  title     = {Efficient E-Matching for {SMT} Solvers},
  booktitle = {Automated Deduction - CADE-21, 21st International Conference on Automated
               Deduction, Bremen, Germany, July 17-20, 2007, Proceedings},
  pages     = {183--198},
  year      = {2007},
  url       = {https://doi.org/10.1007/978-3-540-73595-3\_13},
  doi       = {10.1007/978-3-540-73595-3\_13},
  timestamp = {Fri, 02 Jun 2017 13:01:06 +0200},
  biburl    = {https://dblp.org/rec/bib/conf/cade/MouraB07},
  bibsource = {dblp computer science bibliography, https://dblp.org}
}

@misc{smtcomp2019,
title = {{SMT-COMP} 2019 Website},
note = {https://smt-comp.github.io/2019/}
}

@inproceedings{DBLP:conf/gcai/RegerB0V16,
  author    = {Giles Reger and
               Nikolaj Bj{\o}rner and
               Martin Suda and
               Andrei Voronkov},
  title     = {{AVATAR} Modulo Theories},
  booktitle = {{GCAI} 2016. 2nd Global Conference on Artificial Intelligence, September
               19 - October 2, 2016, Berlin, Germany},
  pages     = {39--52},
  year      = {2016},
  url       = {http://www.easychair.org/publications/paper/299800},
  timestamp = {Tue, 25 Jul 2017 11:35:36 +0200},
  biburl    = {https://dblp.org/rec/bib/conf/gcai/RegerB0V16},
  bibsource = {dblp computer science bibliography, https://dblp.org}
}

@inproceedings{DBLP:conf/tacas/Reger0V18,
  author    = {Giles Reger and
               Martin Suda and
               Andrei Voronkov},
  title     = {Unification with Abstraction and Theory Instantiation in Saturation-Based
               Reasoning},
  booktitle = {Tools and Algorithms for the Construction and Analysis of Systems
               - 24th International Conference, {TACAS} 2018, Held as Part of the
               European Joint Conferences on Theory and Practice of Software, {ETAPS}
               2018, Thessaloniki, Greece, April 14-20, 2018, Proceedings, Part {I}},
  pages     = {3--22},
  year      = {2018},
  url       = {https://doi.org/10.1007/978-3-319-89960-2\_1},
  doi       = {10.1007/978-3-319-89960-2\_1},
  timestamp = {Fri, 02 Nov 2018 09:42:32 +0100},
  biburl    = {https://dblp.org/rec/bib/conf/tacas/Reger0V18},
  bibsource = {dblp computer science bibliography, https://dblp.org}
}
@inproceedings{DBLP:conf/cav/Voronkov14,
  author    = {Andrei Voronkov},
  title     = {{AVATAR:} The Architecture for First-Order Theorem Provers},
  booktitle = {{CAV}},
  series    = {Lecture Notes in Computer Science},
  volume    = {8559},
  pages     = {696--710},
  publisher = {Springer},
  year      = {2014}
}


@inproceedings{noetzli2019,
  author = {Andres N\"otzli and
            Andrew Reynolds and
            Haniel Barbosa and
            Aina Niemetz and
            Mathias Preiner and
            Clark Barrett and
            Cesare Tinelli},
  title = {Syntax-Guided Rewrite Rule Enumeration for SMT Solvers},
  note = 	 {To appear at SAT 2019.}
}

@inproceedings{mathsat5,
  author = {Alessandro Cimatti and Alberto Griggio and Bastiaan Schaafsma and Roberto Sebastiani},
  title = {{The MathSAT5 SMT Solver}},
  editor = {Nir Piterman and Scott Smolka},
  booktitle = {Proceedings of TACAS},
  year = {2013},
  volume = {7795},
  series = {LNCS},
  publisher = {Springer},
}

@InProceedings{10.1007/978-3-030-29436-6_7,
author="Bromberger, Martin
and Fleury, Mathias
and Schwarz, Simon
and Weidenbach, Christoph",
editor="Fontaine, Pascal",
title="SPASS-SATT",
booktitle="Automated Deduction -- CADE 27",
year="2019",
publisher="Springer International Publishing",
address="Cham",
pages="111--122",
isbn="978-3-030-29436-6"
}



@InProceedings{10.1007/978-3-642-02959-2_12,
author="Bouton, Thomas
and Caminha B. de Oliveira, Diego
and D{\'e}harbe, David
and Fontaine, Pascal",
editor="Schmidt, Renate A.",
title="veriT: An Open, Trustable and Efficient SMT-Solver",
booktitle="Automated Deduction -- CADE-22",
year="2009",
publisher="Springer Berlin Heidelberg",
address="Berlin, Heidelberg",
pages="151--156",
isbn="978-3-642-02959-2"
}

@InProceedings{Dutertre:cav2014,
  author = 	 {Dutertre, Bruno},
  title = 	 {Yices 2.2},
  booktitle = {Computer-Aided Verification (CAV'2014)},
  editor =       {Biere, Armin and Bloem, Roderick},
  year = 	 2014,
  volume =       8559,
  series =       {Lecture Notes in Computer Science},
  pages =        {737--744},
  month = 	 {July},
  publisher =    {Springer}}
 

@article{pca,
  title={Principal component analysis},
  author={Wold, Svante and Esbensen, Kim and Geladi, Paul},
  journal={Chemometrics and intelligent laboratory systems},
  volume={2},
  number={1-3},
  pages={37--52},
  year={1987},
  publisher={Elsevier}
}

@inproceedings{drucker1997improving,
  title={Improving regressors using boosting techniques},
  author={Drucker, Harris},
  booktitle={ICML},
  volume={97},
  pages={107--115},
  year={1997}
}

@inproceedings{leyton2002learning,
  title={Learning the empirical hardness of optimization problems: The case of combinatorial auctions},
  author={Leyton-Brown, Kevin and Nudelman, Eugene and Shoham, Yoav},
  booktitle={International Conference on Principles and Practice of Constraint Programming},
  pages={556--572},
  year={2002},
  organization={Springer}
}
